
@book{tietze_halbleiter-schaltungstechnik_2019,
	title = {Halbleiter-Schaltungstechnik},
	isbn = {3-662-48553-2},
	url = {https://www.ebook.de/de/product/37063433/ulrich_tietze_christoph_schenk_eberhard_gamm_halbleiter_schaltungstechnik.html},
	publisher = {Springer-Verlag {GmbH}},
	author = {Tietze, Ulrich and Schenk, Christoph and Gamm, Eberhard},
	date = {2019-07-05},
}

@book{kuchling_taschenbuch_2014,
	title = {Taschenbuch der Physik},
	isbn = {978-3-446-44218-4},
	url = {https://www.ebook.de/de/product/23173597/horst_kuchling_taschenbuch_der_physik.html},
	pagetotal = {711},
	publisher = {Hanser Fachbuchverlag},
	author = {Kuchling, Horst},
	date = {2014-10-08},
}

@book{demtroder_experimentalphysik_2014,
	title = {Experimentalphysik 2},
	isbn = {978-3-642-29944-5},
	url = {https://www.ebook.de/de/product/22876029/wolfgang_demtroeder_experimentalphysik_2.html},
	pagetotal = {482},
	publisher = {Springer-Verlag {GmbH}},
	author = {Demtröder, Wolfgang},
	date = {2014-07-08},
}

@book{noauthor_users_2003,
	title = {Users Manual: 175, 177, 179 True-rms Multimeters},
	url = {https://dam-assets.fluke.com/s3fs-public/175_____umeng0200.pdf},
	publisher = {Fluke Corporation},
	urldate = {2022-04-24},
	date = {2003},
	langid = {english},
}

@book{wolfgang_kessel_isobipm-gum_2004,
	title = {Die {ISO}/{BIPM}-{GUM} Sicht:Schätzwert \& Messunsicherheit},
	author = {Wolfgang Kessel, Braunschweig},
	date = {2004},
}

@online{noauthor_radioactive_2022,
	title = {The radioactive series of radium-226},
	url = {https://www.ld-didactic.de/software/524221en/Content/Appendix/Ra226Series.htm},
	date = {2022-11-20},
	note = {Publisher: {LD}-Didactic},
}

@misc{dorsey_1927_2009,
	title = {1927: {NBS} gold leaf electroscope},
	url = {https://www.nist.gov/pml/marie-curie-and-nbs-radium-standards/1927-nbs-gold-leaf-electroscope},
	publisher = {{NIST}},
	author = {Dorsey, Noah},
	urldate = {2022-11-25},
	date = {2009-08-13},
	note = {Version Number: June 2, 2021},
}

@misc{noauthor_spectrograph_2016,
	title = {Spectrograph},
	publisher = {Institut für Experimentalphysik und Institut für Materialphysik},
	date = {2016-01-03},
	note = {Place: Petersgasse 16, A-8010 Graz},
}

@book{meschede_gerthsen_2015,
	title = {Gerthsen Physik},
	isbn = {978-3-662-45976-8},
	pagetotal = {1052},
	publisher = {Spektrum Akademischer Verlag {GmbH}},
	author = {Meschede, Dieter},
	date = {2015},
}

@misc{noauthor_gebrauchsanweisung_nodate,
	title = {Gebrauchsanweisung 559 01: Fensterzählrohr für α-, β-, γ- {undRöntgenstrahlen} (559 01)},
	publisher = {Leybold Didactic {GmbH}},
}

@misc{noauthor_radioaktivitat_nodate,
	title = {Radioaktivität - Fortführung},
	url = {https://www.leifiphysik.de/kern-teilchenphysik/radioaktivitaet-fortfuehrung/versuche/weitere-gammaspektren},
	publisher = {Joachim Herz Stiftung},
	urldate = {2022-11-26},
	note = {Place: 22419 Hamburg},
}

@inreference{noauthor_bond-dissociation_2023,
	title = {Bond-dissociation energy},
	rights = {Creative Commons Attribution-{ShareAlike} License},
	url = {https://en.wikipedia.org/w/index.php?title=Bond-dissociation_energy&oldid=1132245066},
	abstract = {The bond-dissociation energy  ({BDE}, D0, or {DH}°)  is one measure of the strength of a chemical bond A−B.  It can be defined as the standard enthalpy change when A−B is cleaved by homolysis to give fragments A and B, which are usually radical species. The enthalpy change is temperature-dependent, and the bond-dissociation energy is often defined to be the enthalpy change of the homolysis at 0 K (absolute zero), although the enthalpy change at 298 K (standard conditions) is also a frequently encountered parameter.As a typical example, the bond-dissociation energy for one of the C−H bonds in ethane (C2H6) is defined as the standard enthalpy change of the process

{CH}3CH2−H  →  {CH}3CH2• + H•,
{DH}°298({CH}3CH2−H) = ΔH° = 101.1(4) kcal/mol = 423.0 ± 1.7 {kJ}/mol = 4.40(2) {eV} (per bond).To convert a molar {BDE} to the energy needed to dissociate the bond per molecule, the conversion factor 23.060 kcal/mol (96.485 {kJ}/mol) for each {eV} can be used.
A variety of experimental techniques, including spectrometric determination of energy levels, generation of radicals by pyrolysis or photolysis, measurements of chemical kinetics and equilibrium, and various calorimetric and electrochemical methods have been used to measure bond dissociation energy values.  Nevertheless, bond dissociation energy measurements are challenging and are subject to considerable error.  The majority of currently known values are accurate to within ±1 or 2 kcal/mol (4–10 {kJ}/mol).  Moreover, values measured in the past, especially before the 1970s, can be especially unreliable and have been subject to revisions on the order of 10 kcal/mol (e.g., benzene C–H bonds, from 103 kcal/mol in 1965 to the modern accepted value of 112.9(5) kcal/mol).  Even in modern times (between 1990 and 2004), the O−H bond of phenol has been reported to be anywhere from 85.8 to 91.0 kcal/mol.  On the other hand, the bond dissociation energy of H2 at 298 K has been measured to high precision and accuracy: {DH}°298(H−H) = 104.1539(1) kcal/mol.},
	booktitle = {Wikipedia},
	urldate = {2023-01-24},
	date = {2023-01-07},
	langid = {english},
	note = {Page Version {ID}: 1132245066},
	file = {Snapshot:/home/bob/Zotero/storage/BNAFQDH4/Bond-dissociation_energy.html:text/html},
}

@misc{zankel_vorbereitungsunterlagen_2013,
	title = {Vorbereitungsunterlagen zur Praktikumsübung  Rasterelektronenmikroskop: Im Rahmen des Praktikums für Fortgeschrittene, {LV} 511.121},
	publisher = {Forschungsinstitut für Elektronenmikroskopie ({FELMI})},
	author = {Zankel, Armin and Herbert, Reingruber},
	date = {2013},
	note = {Place: Steyrergasse 17, A-8010 Graz},
	file = {Praktikumsunterlagen_REM_LV_511.121_2013.pdf:/home/bob/lab/testprotokoll/pdfs/Praktikumsunterlagen_REM_LV_511.121_2013.pdf:application/pdf},
}

@misc{zankel_serie_nodate,
	title = {Serie an {EDX} Spektra von einer 10 cent Münze},
	publisher = {Forschungsinstitut für Elektronenmikroskopie ({FELMI})},
	author = {Zankel, Armin},
	note = {Place: Steyrergasse 17, A-8010 Graz},
	file = {simulation5kv.png:/home/bob/lab/Flab1/testprotokoll/figures/simulation5kv.png:image/png},
}

@misc{zankel_serie_nodate-1,
	title = {Serie an Monte-Carlo-Simulationen der Elektronen Trajektorien durch Wechselwirkungen mit der Papier Probe},
	publisher = {Forschungsinstitut für Elektronenmikroskopie ({FELMI})},
	author = {Zankel, Armin},
	note = {Place: Steyrergasse 17, A-8010 Graz},
}

@article{noauthor_amtsblatt_2001,
	location = {Wien},
	title = {Amtsblatt {NR}. 248},
	url = {HTTP:/WWW.WIENERZEITUNG.AT},
	journaltitle = {Wiener Zeitung},
	date = {2001-12-24},
	file = {Amtsblatt_Euromünzen.pdf:/home/bob/lab/Flab1/testprotokoll/pdfs/Amtsblatt_Euromünzen.pdf:application/pdf},
}

@misc{zankel_rasterelektronenbild_nodate,
	title = {Rasterelektronenbild einer 10 cent Münze},
	publisher = {Forschungsinstitut für Elektronenmikroskopie ({FELMI})},
	author = {Zankel, Armin},
	note = {Place: Steyrergasse 17, A-8010 Graz},
}

@misc{zankel_quantitative_nodate,
	title = {Quantitative {EDX} Analyse einer 10 cent Münze},
	publisher = {Forschungsinstitut für Elektronenmikroskopie ({FELMI})},
	author = {Zankel, Armin},
	note = {Place: Steyrergasse 17, A-8010 Graz},
}

@misc{zankel_bedampfte_nodate,
	title = {Bedampfte Grashüpfer Probe},
	publisher = {Forschungsinstitut für Elektronenmikroskopie ({FELMI})},
	author = {Zankel, Armin},
	note = {Place: Steyrergasse 17, A-8010 Graz},
}
